%% This BibTeX bibliography file was created using BibDesk.
%% http://bibdesk.sourceforge.net/


%% Created for Tim Lenertz at 2015-01-19 03:55:36 +0100 


%% Saved with string encoding Unicode (UTF-8) 



@article{Pari2001,
	Author = {Yoav I H Parish and Pascal M{\"u}ller},
	Date-Added = {2015-01-19 02:54:42 +0000},
	Date-Modified = {2015-01-19 02:55:31 +0000},
	Title = {Procedural Modeling of Cities},
	Year = {2001},
	Bdsk-File-1 = {YnBsaXN0MDDUAQIDBAUGJCVYJHZlcnNpb25YJG9iamVjdHNZJGFyY2hpdmVyVCR0b3ASAAGGoKgHCBMUFRYaIVUkbnVsbNMJCgsMDxJXTlMua2V5c1pOUy5vYmplY3RzViRjbGFzc6INDoACgAOiEBGABIAFgAdccmVsYXRpdmVQYXRoWWFsaWFzRGF0YV1QYXJpMjAwMWEucGRm0hcLGBlXTlMuZGF0YU8RAhAAAAAAAhAAAgAADE1hY2ludG9zaCBIRAAAAAAAAAAAAAAAAAAAAM8osKhIKwAAAONedw1QYXJpMjAwMWEucGRmAAAAAAAAAAAAAAAAAAAAAAAAAAAAAAAAAAAAAAAAAAAAAAAAAAAAAAAAAAAAAAAAAAAA7T6Y0OIwagAAAAAAAAAAAAEAAgAACSAAAAAAAAAAAAAAAAAAAAAKcmVmZXJlbmNlcwAQAAgAAM8oopgAAAARAAgAANDiIloAAAABACQA4153AN1YbwDPaUsAuQJ+AGJ5zQAXIMgACP25AAj9uAACZdkAAgB2TWFjaW50b3NoIEhEOlVzZXJzOgB0aW1sZW5lcnR6OgBEb2N1bWVudHM6AFVMQjoASU5GTzUgMjAxNC0yMDE1OgBJTkZPSDUwMjoAcHJvajoAaW5mby1oLTUwMjoAcmVmZXJlbmNlczoAUGFyaTIwMDFhLnBkZgAOABwADQBQAGEAcgBpADIAMAAwADEAYQAuAHAAZABmAA8AGgAMAE0AYQBjAGkAbgB0AG8AcwBoACAASABEABIAYFVzZXJzL3RpbWxlbmVydHovRG9jdW1lbnRzL1VMQi9JTkZPNSAyMDE0LTIwMTUvSU5GT0g1MDIvcHJvai9pbmZvLWgtNTAyL3JlZmVyZW5jZXMvUGFyaTIwMDFhLnBkZgATAAEvAAAVAAIAEf//AACABtIbHB0eWiRjbGFzc25hbWVYJGNsYXNzZXNdTlNNdXRhYmxlRGF0YaMdHyBWTlNEYXRhWE5TT2JqZWN00hscIiNcTlNEaWN0aW9uYXJ5oiIgXxAPTlNLZXllZEFyY2hpdmVy0SYnVHJvb3SAAQAIABEAGgAjAC0AMgA3AEAARgBNAFUAYABnAGoAbABuAHEAcwB1AHcAhACOAJwAoQCpAr0CvwLEAs8C2ALmAuoC8QL6Av8DDAMPAyEDJAMpAAAAAAAAAgEAAAAAAAAAKAAAAAAAAAAAAAAAAAAAAys=}}

@techreport{Eber2005,
	Author = {David Eberly},
	Date-Added = {2015-01-05 19:01:46 +0000},
	Date-Modified = {2015-01-05 19:02:25 +0000},
	Institution = {Geometric Tools, LLC},
	Month = {November},
	Title = {The Minimal Cycle Basis for a Planar Graph},
	Year = {2005},
	Bdsk-File-1 = {YnBsaXN0MDDUAQIDBAUGJCVYJHZlcnNpb25YJG9iamVjdHNZJGFyY2hpdmVyVCR0b3ASAAGGoKgHCBMUFRYaIVUkbnVsbNMJCgsMDxJXTlMua2V5c1pOUy5vYmplY3RzViRjbGFzc6INDoACgAOiEBGABIAFgAdccmVsYXRpdmVQYXRoWWFsaWFzRGF0YV1FYmVyMjAwNWEucGRm0hcLGBlXTlMuZGF0YU8RAhAAAAAAAhAAAgAADE1hY2ludG9zaCBIRAAAAAAAAAAAAAAAAAAAAM8osKhIKwAAAONedw1FYmVyMjAwNWEucGRmAAAAAAAAAAAAAAAAAAAAAAAAAAAAAAAAAAAAAAAAAAAAAAAAAAAAAAAAAAAAAAAAAAAA41550NCdqwAAAAAAAAAAAAEAAgAACSAAAAAAAAAAAAAAAAAAAAAKcmVmZXJlbmNlcwAQAAgAAM8oopgAAAARAAgAANDQj5sAAAABACQA4153AN1YbwDPaUsAuQJ+AGJ5zQAXIMgACP25AAj9uAACZdkAAgB2TWFjaW50b3NoIEhEOlVzZXJzOgB0aW1sZW5lcnR6OgBEb2N1bWVudHM6AFVMQjoASU5GTzUgMjAxNC0yMDE1OgBJTkZPSDUwMjoAcHJvajoAaW5mby1oLTUwMjoAcmVmZXJlbmNlczoARWJlcjIwMDVhLnBkZgAOABwADQBFAGIAZQByADIAMAAwADUAYQAuAHAAZABmAA8AGgAMAE0AYQBjAGkAbgB0AG8AcwBoACAASABEABIAYFVzZXJzL3RpbWxlbmVydHovRG9jdW1lbnRzL1VMQi9JTkZPNSAyMDE0LTIwMTUvSU5GT0g1MDIvcHJvai9pbmZvLWgtNTAyL3JlZmVyZW5jZXMvRWJlcjIwMDVhLnBkZgATAAEvAAAVAAIAEf//AACABtIbHB0eWiRjbGFzc25hbWVYJGNsYXNzZXNdTlNNdXRhYmxlRGF0YaMdHyBWTlNEYXRhWE5TT2JqZWN00hscIiNcTlNEaWN0aW9uYXJ5oiIgXxAPTlNLZXllZEFyY2hpdmVy0SYnVHJvb3SAAQAIABEAGgAjAC0AMgA3AEAARgBNAFUAYABnAGoAbABuAHEAcwB1AHcAhACOAJwAoQCpAr0CvwLEAs8C2ALmAuoC8QL6Av8DDAMPAyEDJAMpAAAAAAAAAgEAAAAAAAAAKAAAAAAAAAAAAAAAAAAAAys=}}

@article{Kell2007,
	Author = {George Kelly and Hugh McCabe},
	Date-Added = {2015-01-05 19:00:08 +0000},
	Date-Modified = {2015-01-05 19:01:27 +0000},
	Journal = {GDTW 2007},
	Title = {Citygen: An Interactive System for Procedural City Generation},
	Year = {2007},
	Bdsk-File-1 = {YnBsaXN0MDDUAQIDBAUGJCVYJHZlcnNpb25YJG9iamVjdHNZJGFyY2hpdmVyVCR0b3ASAAGGoKgHCBMUFRYaIVUkbnVsbNMJCgsMDxJXTlMua2V5c1pOUy5vYmplY3RzViRjbGFzc6INDoACgAOiEBGABIAFgAdccmVsYXRpdmVQYXRoWWFsaWFzRGF0YV1LZWxsMjAwN2EucGRm0hcLGBlXTlMuZGF0YU8RAhAAAAAAAhAAAgAADE1hY2ludG9zaCBIRAAAAAAAAAAAAAAAAAAAAM8osKhIKwAAAONedw1LZWxsMjAwN2EucGRmAAAAAAAAAAAAAAAAAAAAAAAAAAAAAAAAAAAAAAAAAAAAAAAAAAAAAAAAAAAAAAAAAAAA418G0MNXSwAAAAAAAAAAAAEAAgAACSAAAAAAAAAAAAAAAAAAAAAKcmVmZXJlbmNlcwAQAAgAAM8oopgAAAARAAgAANDDSTsAAAABACQA4153AN1YbwDPaUsAuQJ+AGJ5zQAXIMgACP25AAj9uAACZdkAAgB2TWFjaW50b3NoIEhEOlVzZXJzOgB0aW1sZW5lcnR6OgBEb2N1bWVudHM6AFVMQjoASU5GTzUgMjAxNC0yMDE1OgBJTkZPSDUwMjoAcHJvajoAaW5mby1oLTUwMjoAcmVmZXJlbmNlczoAS2VsbDIwMDdhLnBkZgAOABwADQBLAGUAbABsADIAMAAwADcAYQAuAHAAZABmAA8AGgAMAE0AYQBjAGkAbgB0AG8AcwBoACAASABEABIAYFVzZXJzL3RpbWxlbmVydHovRG9jdW1lbnRzL1VMQi9JTkZPNSAyMDE0LTIwMTUvSU5GT0g1MDIvcHJvai9pbmZvLWgtNTAyL3JlZmVyZW5jZXMvS2VsbDIwMDdhLnBkZgATAAEvAAAVAAIAEf//AACABtIbHB0eWiRjbGFzc25hbWVYJGNsYXNzZXNdTlNNdXRhYmxlRGF0YaMdHyBWTlNEYXRhWE5TT2JqZWN00hscIiNcTlNEaWN0aW9uYXJ5oiIgXxAPTlNLZXllZEFyY2hpdmVy0SYnVHJvb3SAAQAIABEAGgAjAC0AMgA3AEAARgBNAFUAYABnAGoAbABuAHEAcwB1AHcAhACOAJwAoQCpAr0CvwLEAs8C2ALmAuoC8QL6Av8DDAMPAyEDJAMpAAAAAAAAAgEAAAAAAAAAKAAAAAAAAAAAAAAAAAAAAys=}}
